<?xml version="1.0" encoding="UTF-8"?><collection><record><leader>06670ntm a2200517 a 4500</leader><controlfield tag="001">006837367</controlfield><controlfield tag="003">MiAaHDL</controlfield><controlfield tag="005">20190719000000.0</controlfield><controlfield tag="006">m        d        </controlfield><controlfield tag="007">cr bn ---auaua</controlfield><controlfield tag="008">090709q18001850xx            00| ||per d</controlfield><datafield tag="035" ind1=" " ind2=" "><subfield code="a">(MiU)006837367</subfield></datafield><datafield tag="035" ind1=" " ind2=" "><subfield code="a">sdr-miu006837367</subfield></datafield><datafield tag="040" ind1=" " ind2=" "><subfield code="a">MiU</subfield><subfield code="c">MiU</subfield><subfield code="e">amremm</subfield></datafield><datafield tag="043" ind1=" " ind2=" "><subfield code="a">n-us-mi</subfield></datafield><datafield tag="100" ind1="1" ind2=" "><subfield code="6">880-01</subfield><subfield code="a">Yūsufī, Yūsuf ibn Muḥammad,</subfield><subfield code="d">active 16th century.</subfield></datafield><datafield tag="245" ind1="1" ind2="0"><subfield code="6">880-02</subfield><subfield code="a">Jāmiʻ al-fawāʼid,</subfield><subfield code="f">[first half of 19th century].</subfield></datafield><datafield tag="260" ind1=" " ind2=" "><subfield code="c">[1800 to 1850].</subfield></datafield><datafield tag="300" ind1=" " ind2=" "><subfield code="a">66 leaves :</subfield><subfield code="b">paper ;</subfield><subfield code="c">212 x 148 (160 x 95) mm. bound to 216 x 155 mm.</subfield></datafield><datafield tag="500" ind1=" " ind2=" "><subfield code="a">Shelfmark: Ann Arbor, University of Michigan, Special Collections Library, Isl. Ms. 880</subfield></datafield><datafield tag="500" ind1=" " ind2=" "><subfield code="a">Origin: Colophon on fol.66a (p.121) does not specify date or place of transcription, nor identify copyist ; paper would suggest early to mid 19th century.</subfield></datafield><datafield tag="500" ind1=" " ind2=" "><subfield code="a">Accompanying materials: a. Slip of paper with notes in handwriting of Meredith-Owens, marked 'MO. 1 PERSIAN' reads: "Medical prescriptions by Yūsuf b. Muḥammad b. Yūsuf al-Ṭabīb. (author of the well-known Ṭibb-i Yūsufī). XIXth century."-- b. Slip of paper 'Persian MSS (Heyworth-Dunne?) with Meredith-Owens notes' -- c. Slip of paper 'Counted for 1968/69 Annual Report'.</subfield></datafield><datafield tag="500" ind1=" " ind2=" "><subfield code="a">Former shelfmark: Mich. Isl. Ms. temp. no. 29 ; inscription in pencil on interior of upper cover "BL 6679"</subfield></datafield><datafield tag="500" ind1=" " ind2=" "><subfield code="a">Binding: Pasteboards covered in red leather (sheep) with band painted black ; Type III binding (without flap) ; upper and lower covers bear series of simple gold-painted rulings ; board linings in laid paper ; doublure hinges in same red leather ; red and white (cream to yellow) chevron endbands ; difficult to discern original sewing, appears to have been oversewn at some point ; in good condition with only some abrasion, wear, staining, and some negative draw in upper and lower covers (slightly warped).</subfield></datafield><datafield tag="500" ind1=" " ind2=" "><subfield code="a">Support: European laid paper (likely early to mid 19th century, see watermark), with chain lines running horizontally spaced roughly 27 mm. apart and "laid lines" forming a crosshatch with roughly 12-14 laid lines per cm. in the vertical and horizontal directions (resembling machine laid) ; essentially unburnished ; watermark "scrollwork" shield with eagle above castle "GIOR MAGNANI" (Compare Heawood 3748).</subfield></datafield><datafield tag="500" ind1=" " ind2=" "><subfield code="a">Decoration: Textual dividers in the form of inverted commas (three, etc.) appear occasionally; text rubricated with key words, overlining, and some headings in red.</subfield></datafield><datafield tag="500" ind1=" " ind2=" "><subfield code="a">Script: Naskh-nastaʻlīq ; Persianate or Indian hand in a medium line ; virtually serifless with slight effect of words descending to baseline, elongation of horizontal strokes, some flattened, elongation descenders (rāʼ in particular), shaqq / sarkash of kāf sweeping dramatically upward (approach vertical) with a gentle curve, pointing for two and three dots in strokes or conjoined dots (rather than distinct dots).</subfield></datafield><datafield tag="500" ind1=" " ind2=" "><subfield code="a">Layout: Written in 12 lines per page ; frame-ruled with impression of ruling board evident.</subfield></datafield><datafield tag="500" ind1=" " ind2=" "><subfield code="a">Collation: ii, 7 IV (56), V (66), ii ; chiefly quaternions; catchwords present ; pagination in pencil, Western numerals (supplied during cataloguing).</subfield></datafield><datafield tag="500" ind1=" " ind2=" "><subfield code="a">Colophon: "Scribal," triangular, partly in Arabic, reads: "تمت تمام شد كار من نظام شد وصلى الله على محمد واله اجمعين"</subfield></datafield><datafield tag="500" ind1=" " ind2=" "><subfield code="a">Explicit: "صاف كنند و بده درم قند شيرين كرده ده درم روغن زيت يا روغن گاو اضافه نموده ونيم گرم بياشامند و خوردن روغن وشير گاو افراط كردن دفع مضرت جميع زهر هه بكند تمت تمام شد"</subfield></datafield><datafield tag="500" ind1=" " ind2=" "><subfield code="a">Incipit: "رب يسر وتمم بالخير والظفرحمد نا محدود حكيمى را كه بقانون حكمت و كامل الصناعت رحمت دافع انواع امراض و رافع اصناف اعراض ست جلت الاؤه و عمت انعامه ودر ود بيعد رسولى را كه بجاده رسالت و زبده نبوت طبيب عيوب است و شفاء صدور هلت ست صلى الله عليه وسلم اجمعين الى يوم الدين اما بعد چنين گويد بنده ضعيف وكمينه نحيف المستفاد بعلم النافع المجيب يوسف ابن محمد ابن يوسف الطبيب ستر الله تعالى عيوبه وغفر ذنوبه كه چون بتوفيق حضرت فياض جل جلاله رساله علاج الامراض كه علاج هر مرض و دوائ هر عرض در وي مسطور ومذكور ست صورة ... اشاره فرمودند كه كتابى در شرح مشكلات و طريق ترتيب مركبات كه درين رساله مبين و بيان شده با زوائد فوائد علامات امراض و امارات اعراض و غيرها ... لا جرم عنان قلم بصورت اين مرقوم كه بجامع الفوائد موسوم ست مصروف گشته..."</subfield></datafield><datafield tag="500" ind1=" " ind2=" "><subfield code="a">Title from opening on fol.2a (p.3).</subfield></datafield><datafield tag="500" ind1=" " ind2=" "><subfield code="a">Ms. codex.</subfield></datafield><datafield tag="510" ind1="4" ind2=" "><subfield code="a">Cat. Pers. MSS. Brit. Mus.,</subfield><subfield code="c">p.475</subfield></datafield><datafield tag="520" ind1="8" ind2=" "><subfield code="a">Neat copy of Yūsufī's commentary on his versified treatise of therapeutics, ʻIlāj al-amrāz̤.</subfield></datafield><datafield tag="538" ind1=" " ind2=" "><subfield code="a">Mode of access: Internet.</subfield></datafield><datafield tag="541" ind1=" " ind2=" "><subfield code="a">Likely acquired from the collection of Frank E. Nuttall (1875-1943), former librarian of the John Rylands Library and University of Manitoba (from 1917-1937) known to have collected Persian, Arabic, Turkish and Hindu books and manuscripts, as well as Oriental rugs ; records are sparse but it appears that the acquisition took place prior to 1968.</subfield></datafield><datafield tag="546" ind1=" " ind2=" "><subfield code="a">Persian.</subfield></datafield><datafield tag="561" ind1=" " ind2=" "><subfield code="a">On back flyleaf, inscriptions in pencil including foliation, pagination, "Med R [?]" ; at opening marginal and interlinear comments in pencil (in hand of Frank E. Nuttall?) providing the meaning of various words and passages in English ; possible inventory mark inscribed in pencil on front flyleaf, repeated on verso of final folio "14122 | 4" ; otherwise distinct lack of ownership marks ; only a few marginal corrections.</subfield></datafield><datafield tag="650" ind1=" " ind2="0"><subfield code="a">Manuscripts, Persian</subfield><subfield code="z">Michigan</subfield><subfield code="z">Ann Arbor.</subfield></datafield><datafield tag="650" ind1=" " ind2="0"><subfield code="a">Materia medica</subfield><subfield code="v">Early works to 1800.</subfield></datafield><datafield tag="650" ind1=" " ind2="0"><subfield code="a">Pharmacopoeias</subfield><subfield code="v">Early works to 1800.</subfield></datafield><datafield tag="650" ind1=" " ind2="0"><subfield code="a">Traditional medicine</subfield><subfield code="v">Formulae, receipts, prescriptions.</subfield></datafield><datafield tag="650" ind1=" " ind2="0"><subfield code="a">Medicine, Persian</subfield><subfield code="v">Early works to 1800.</subfield></datafield><datafield tag="700" ind1="1" ind2=" "><subfield code="a">Nuttall, Frank E.,</subfield><subfield code="d">1875-1943,</subfield><subfield code="e">former owner.</subfield></datafield><datafield tag="773" ind1="0" ind2=" "><subfield code="a">F. E. Nuttall Collection.</subfield></datafield><datafield tag="880" ind1="1" ind2="0"><subfield code="6">245-02/</subfield><subfield code="a">جامع الفوائد,</subfield><subfield code="f">[نیمه اول قرن قرن 19م].</subfield></datafield><datafield tag="880" ind1="1" ind2=" "><subfield code="6">100-01/</subfield><subfield code="a">يوسفى، يوسف بن محمد.</subfield></datafield><datafield tag="CID" ind1=" " ind2=" "><subfield code="a">006837367</subfield></datafield><datafield tag="DAT" ind1="0" ind2=" "><subfield code="a">20190719102641.0</subfield><subfield code="b">20190719000000.0</subfield></datafield><datafield tag="DAT" ind1="1" ind2=" "><subfield code="a">20190719090653.0</subfield><subfield code="b">2019-07-19T16:12:31Z</subfield></datafield><datafield tag="DAT" ind1="2" ind2=" "><subfield code="a">2015-10-02T18:00:03Z</subfield></datafield><datafield tag="CAT" ind1=" " ind2=" "><subfield code="a">SDR-MIU</subfield><subfield code="d">EX LIBRIS - ALEPH</subfield><subfield code="l">prepare.pl-004-008</subfield></datafield><datafield tag="FMT" ind1=" " ind2=" "><subfield code="a">BK</subfield></datafield><datafield tag="HOL" ind1=" " ind2=" "><subfield code="0">sdr-miu006837367</subfield><subfield code="a">MiU</subfield><subfield code="b">SDR</subfield><subfield code="c">MIU</subfield><subfield code="p">mdp.39015079132570</subfield><subfield code="s">MIU</subfield><subfield code="1">006837367</subfield></datafield><datafield tag="974" ind1=" " ind2=" "><subfield code="b">MIU</subfield><subfield code="c">MIU</subfield><subfield code="d">20190719</subfield><subfield code="s">lit-dlps-dc</subfield><subfield code="u">mdp.39015079132570</subfield><subfield code="y">1850</subfield><subfield code="r">pd</subfield><subfield code="q">bib</subfield><subfield code="t">non-US bib date2 &lt; 1896</subfield></datafield></record></collection>